<?xml version="1.0" encoding="UTF-8"?><collection xmlns="http://www.loc.gov/MARC21/slim"><record><leader>00397nam--2200169-u-4500</leader><controlfield tag="001">000052073</controlfield><controlfield tag="002">20161230</controlfield><controlfield tag="005">20161230201049</controlfield><controlfield tag="008">090616s1000------------r-----000-0-eng-d</controlfield><datafield ind1=" " ind2=" " tag="040"><subfield code="a">IFIN-HH</subfield></datafield><datafield ind1=" " ind2=" " tag="080"><subfield code="a">518.12</subfield></datafield><datafield ind1="1" ind2=" " tag="100"><subfield code="a">Krylov,A.N</subfield></datafield><datafield ind1="1" ind2=" " tag="245"><subfield code="a">Lektsii o Priblizhennykh Vychisleniyakh</subfield></datafield><datafield ind1=" " ind2=" " tag="260"><subfield code="a">Moskva</subfield><subfield code="c">1954</subfield></datafield><datafield ind1=" " ind2=" " tag="300"><subfield code="a">398 p</subfield></datafield><datafield ind1=" " ind2=" " tag="852"><subfield code="a">3928</subfield><subfield code="c">518.12</subfield></datafield><datafield ind1=" " ind2=" " tag="CAT"><subfield code="a">Sys</subfield><subfield code="c">20090616</subfield><subfield code="h">094655</subfield></datafield></record></collection>